@inproceedings{applying_content_analysis_to_web_based_content,
  author={Kim, Inhwa and Kuljis, Jasna},
  booktitle={Proceedings of the ITI 2010, 32nd International Conference on Information Technology Interfaces}, 
  title={Applying content analysis to Web based content}, 
  year={2010},
  volume={},
  number={},
  pages={283-288},
  keywords={Content analysis;Web based content;blogs;Human computer interaction},
  doi={}
}

@book{the_content_analysis_guidebook,
  title={The Content Analysis Guidebook},
  author={Neuendorf, Kimberly A.},
  year={2017},
  publisher={Sage Publications},
  chapter={Defining Content Analysis}
}

@article{can_you_measure_the_roi_of_your_social_media_marketing,
  author = {Hoffman, Donna and Fodor, Marek},
  year = {2010},
  month = {10},
  pages = {},
  title = {Can You Measure the ROI of Your Social Media Marketing?},
  volume = {52},
  journal = {MIT Sloan Management Review}
}

@misc{w3c_open_graph,
  title = {Open Web Platform: Open Graph Protocol},
  author = {World Wide Web Consortium (W3C)},
  year = {2024},
  url = {https://www.w3.org/TR/opengraph/},
  note = {Accessed: 2024-09-10}
}
